@phdthesis{vuduc04,
  address = {Berkeley, CA, USA},
  author = {Richard W. Vuduc},
  date-added = {2009-02-26 18:24:00 -0500},
  date-modified = {2010-05-30 12:48:32 -0400},
  month = {January},
  school = {University of California},
  title = {Automatic performance tuning of sparse matrix kernels},
  topic = {performance analysis; performance modeling; performance optimization; autotuning; sparse linear algebra; statistical models},
  url = {http://bebop.cs.berkeley.edu/pubs/vuduc2003-dissertation.pdf},
  year = {2004},
  bdsk-file-1 = {YnBsaXN0MDDUAQIDBAUGJCVYJHZlcnNpb25YJG9iamVjdHNZJGFyY2hpdmVyVCR0b3ASAAGGoKgHCBMUFRYaIVUkbnVsbNMJCgsMDxJXTlMua2V5c1pOUy5vYmplY3RzViRjbGFzc6INDoACgAOiEBGABIAFgAdccmVsYXRpdmVQYXRoWWFsaWFzRGF0YV8QG3BhcGVyLXJlcG8vVnVkdWMtMjAwNHV6LnBkZtIXCxgZV05TLmRhdGFPEQGyAAAAAAGyAAIAAAxNYWNpbnRvc2ggSEQAAAAAAAAAAAAAAAAAAADD4wpWSCsAAAA6fe8QVnVkdWMtMjAwNHV6LnBkZgAAAAAAAAAAAAAAAAAAAAAAAAAAAAAAAAAAAAAAAAAAAAAAAAAAAAAAAAAAAAAAADrcrMXMjuEAAAAAAAAAAAABAAMAAAkgAAAAAAAAAAAAAAAAAAAACnBhcGVyLXJlcG8AEAAIAADD41CmAAAAEQAIAADFzNUxAAAAAQAUADp97wA6fNUACqTDAAqkrAAAetwAAgBJTWFjaW50b3NoIEhEOlVzZXJzOgByaWNoaWU6AERvY3VtZW50czoAYmliczoAcGFwZXItcmVwbzoAVnVkdWMtMjAwNHV6LnBkZgAADgAiABAAVgB1AGQAdQBjAC0AMgAwADAANAB1AHoALgBwAGQAZgAPABoADABNAGEAYwBpAG4AdABvAHMAaAAgAEgARAASADdVc2Vycy9yaWNoaWUvRG9jdW1lbnRzL2JpYnMvcGFwZXItcmVwby9WdWR1Yy0yMDA0dXoucGRmAAATAAEvAAAVAAIADf//AACABtIbHB0eWiRjbGFzc25hbWVYJGNsYXNzZXNdTlNNdXRhYmxlRGF0YaMdHyBWTlNEYXRhWE5TT2JqZWN00hscIiNcTlNEaWN0aW9uYXJ5oiIgXxAPTlNLZXllZEFyY2hpdmVy0SYnVHJvb3SAAQAIABEAGgAjAC0AMgA3AEAARgBNAFUAYABnAGoAbABuAHEAcwB1AHcAhACOAKwAsQC5Am8CcQJ2AoECigKYApwCowKsArECvgLBAtMC1gLbAAAAAAAAAgEAAAAAAAAAKAAAAAAAAAAAAAAAAAAAAt0=},
  bdsk-url-1 = {http://bebop.cs.berkeley.edu/pubs/vuduc2003-dissertation.pdf}
}
@inproceedings{VuducDeYe05,
  author = {Richard Vuduc and James W. Demmel and Katherine A. Yelick},
  booktitle = {Proc.~SciDAC, J. Physics: Conf. Ser.},
  date-added = {2009-02-28 13:09:57 -0500},
  date-modified = {2010-03-16 09:12:04 -0400},
  doi = {http://dx.doi.org/10.1088/1742-6596/16/1/071},
  pages = {521--530},
  title = {{OSKI}: {A} library of automatically tuned sparse matrix kernels},
  topic = {sparse linear algebra; autotuning; performance optimization},
  volume = {16},
  year = {2005},
  bdsk-file-1 = {YnBsaXN0MDDUAQIDBAUGJCVYJHZlcnNpb25YJG9iamVjdHNZJGFyY2hpdmVyVCR0b3ASAAGGoKgHCBMUFRYaIVUkbnVsbNMJCgsMDxJXTlMua2V5c1pOUy5vYmplY3RzViRjbGFzc6INDoACgAOiEBGABIAFgAdccmVsYXRpdmVQYXRoWWFsaWFzRGF0YV8QG3BhcGVyLXJlcG8vVnVkdWMtMjAwNXppLnBkZtIXCxgZV05TLmRhdGFPEQGyAAAAAAGyAAIAAAxNYWNpbnRvc2ggSEQAAAAAAAAAAAAAAAAAAADD4wpWSCsAAAA6fe8QVnVkdWMtMjAwNXppLnBkZgAAAAAAAAAAAAAAAAAAAAAAAAAAAAAAAAAAAAAAAAAAAAAAAAAAAAAAAAAAAAAAADrvOcXO6aIAAAAAAAAAAAABAAMAAAkgAAAAAAAAAAAAAAAAAAAACnBhcGVyLXJlcG8AEAAIAADD41CmAAAAEQAIAADFzy/yAAAAAQAUADp97wA6fNUACqTDAAqkrAAAetwAAgBJTWFjaW50b3NoIEhEOlVzZXJzOgByaWNoaWU6AERvY3VtZW50czoAYmliczoAcGFwZXItcmVwbzoAVnVkdWMtMjAwNXppLnBkZgAADgAiABAAVgB1AGQAdQBjAC0AMgAwADAANQB6AGkALgBwAGQAZgAPABoADABNAGEAYwBpAG4AdABvAHMAaAAgAEgARAASADdVc2Vycy9yaWNoaWUvRG9jdW1lbnRzL2JpYnMvcGFwZXItcmVwby9WdWR1Yy0yMDA1emkucGRmAAATAAEvAAAVAAIADf//AACABtIbHB0eWiRjbGFzc25hbWVYJGNsYXNzZXNdTlNNdXRhYmxlRGF0YaMdHyBWTlNEYXRhWE5TT2JqZWN00hscIiNcTlNEaWN0aW9uYXJ5oiIgXxAPTlNLZXllZEFyY2hpdmVy0SYnVHJvb3SAAQAIABEAGgAjAC0AMgA3AEAARgBNAFUAYABnAGoAbABuAHEAcwB1AHcAhACOAKwAsQC5Am8CcQJ2AoECigKYApwCowKsArECvgLBAtMC1gLbAAAAAAAAAgEAAAAAAAAAKAAAAAAAAAAAAAAAAAAAAt0=},
  bdsk-url-1 = {http://dx.doi.org/10.1088/1742-6596/16/1/071}
}
